<?xml version="1.0" encoding="UTF-8"?><collection xmlns="http://www.loc.gov/MARC21/slim"><record><leader>00428nam--2200169-u-4500</leader><controlfield tag="001">000052593</controlfield><controlfield tag="002">20161230</controlfield><controlfield tag="005">20161230201050</controlfield><controlfield tag="008">100916s1000------------r-----000-0-eng-d</controlfield><datafield ind1=" " ind2=" " tag="040"><subfield code="a">IFIN-HH</subfield></datafield><datafield ind1=" " ind2=" " tag="080"><subfield code="a">533.7</subfield></datafield><datafield ind1="1" ind2=" " tag="100"><subfield code="a">Predvoditelev, A.S</subfield></datafield><datafield ind1="1" ind2="0" tag="245"><subfield code="a">Physical Gas Dynamics</subfield><subfield code="c">A.S. Predvoditelev (Ed.)</subfield></datafield><datafield ind1=" " ind2=" " tag="260"><subfield code="a">Oxford</subfield><subfield code="b">Pergamon Press</subfield><subfield code="c">1961</subfield></datafield><datafield ind1=" " ind2=" " tag="300"><subfield code="a">183 p</subfield></datafield><datafield ind1=" " ind2=" " tag="852"><subfield code="a">77248</subfield><subfield code="c">533.7</subfield></datafield><datafield ind1=" " ind2=" " tag="CAT"><subfield code="a">Sys</subfield><subfield code="c">20100916</subfield><subfield code="h">105217</subfield></datafield></record></collection>